@Booklet{LabViewWiki,
title = {test},
OPTkey = {test},
OPTauthor = {test},
OPThowpublished = {test},
OPTaddress = {test},
OPTmonth = {test},
OPTyear = {test},
OPTnote = {test},
OPTannote = {test}
}
