@online{website:siemens,
  author = {},
  title = "Siemens",
  url = "http://www.siemens.com/",
  note = "[Online; 03.04.2017]",
  keywords = "Siemens, Gesch√§ftsfeld"
},
@online{website:labView,
  author = {},
  title = "LabVIEW",
  url = "https://de.wikipedia.org/wiki/LabVIEW",
  note = "[Online; 22.05.2017]",
  keywords = "LabVIEW"
}